<?xml version="1.0" encoding="UTF-8"?><collection xmlns="http://www.loc.gov/MARC21/slim"><record><leader>00389nam--2200121-i-4500</leader><controlfield tag="001">000010695</controlfield><controlfield tag="002">20161230</controlfield><controlfield tag="005">20161230201028</controlfield><controlfield tag="008">060222s1000------------r-----000-0-eng-d</controlfield><datafield ind1=" " ind2=" " tag="080"><subfield code="a">621.38.049-181.4:621-52</subfield></datafield><datafield ind1=" " ind2=" " tag="245"><subfield code="a">Circuite electronice integrate in tehnica auto matizarii si reglarii</subfield></datafield><datafield ind1=" " ind2=" " tag="260"><subfield code="a">Bucuresti, Inst.Nat.De Informare Si Doc.Stiint Ifica Si Tehnica, 1972. 18 P</subfield></datafield><datafield ind1=" " ind2=" " tag="852"><subfield code="a">D.1318</subfield></datafield></record></collection>